<?xml version="1.0" encoding="UTF-8"?><record xmlns="http://www.loc.gov/MARC21/slim" xmlns:cinclude="http://apache.org/cocoon/include/1.0" xmlns:zs="http://www.loc.gov/zing/srw/">
  <leader>00469nz  a2200133n  4500</leader>
  <controlfield tag="001">n 2015189205</controlfield>
  <controlfield tag="003">DLC</controlfield>
  <controlfield tag="005">20151027044104.0</controlfield>
  <controlfield tag="008">151027n| azannaabn          |n aaa      </controlfield>
  <datafield tag="010" ind1=" " ind2=" ">
    <subfield code="a">n 2015189205</subfield>
  </datafield>
  <datafield tag="035" ind1=" " ind2=" ">
    <subfield code="a">(DNLM)1667625</subfield>
  </datafield>
  <datafield tag="040" ind1=" " ind2=" ">
    <subfield code="a">DNLM</subfield>
    <subfield code="b">eng</subfield>
    <subfield code="e">rda</subfield>
    <subfield code="c">DNLM</subfield>
  </datafield>
  <datafield tag="100" ind1="1" ind2=" ">
    <subfield code="a">Llambí, Patricia</subfield>
  </datafield>
  <datafield tag="670" ind1=" " ind2=" ">
    <subfield code="a">Renacer a través del agua, 2013:</subfield>
    <subfield code="b">t.p. (Patricia Llambí) p. xix (b. en Montevideo, Uruguay; Lic. en Psicología, egresada de la Universidad de la República (UDELAR))</subfield>
  </datafield>
</record>